<?xml version="1.0" encoding="UTF-8"?><collection xmlns="http://www.loc.gov/MARC21/slim"><record><leader>00485nam--2200181-i-4500</leader><controlfield tag="001">000001237</controlfield><controlfield tag="002">20161230</controlfield><controlfield tag="005">20161230201024</controlfield><controlfield tag="008">060222s1000------------r-----000-0-eng-d</controlfield><datafield ind1=" " ind2=" " tag="040"><subfield code="a">IFIN-HH</subfield></datafield><datafield ind1=" " ind2=" " tag="080"><subfield code="a">53</subfield></datafield><datafield ind1="1" ind2=" " tag="100"><subfield code="a">Herman, R</subfield></datafield><datafield ind1="1" ind2="0" tag="245"><subfield code="a">High-energy electron scattering tables</subfield><subfield code="c">.r. herman, r. hofstadter</subfield></datafield><datafield ind1=" " ind2=" " tag="260"><subfield code="a">Standford</subfield><subfield code="b">Stanford University Press</subfield><subfield code="c">1960</subfield></datafield><datafield ind1=" " ind2=" " tag="300"><subfield code="a">IX + 278 P</subfield></datafield><datafield ind1="1" ind2=" " tag="700"><subfield code="a">Hosfstadter, R</subfield></datafield><datafield ind1=" " ind2=" " tag="852"><subfield code="a">16287</subfield><subfield code="c">53.081</subfield></datafield><datafield ind1=" " ind2=" " tag="CAT"><subfield code="a">Sys</subfield><subfield code="c">20151117</subfield><subfield code="h">145655</subfield></datafield></record></collection>